[gd_scene load_steps=11 format=2]

[ext_resource path="res://Assets/hamster-drink.png" type="Texture" id=1]
[ext_resource path="res://src/DrinkingGame.gd" type="Script" id=2]
[ext_resource path="res://src/HamboiDrinking.gd" type="Script" id=3]
[ext_resource path="res://Assets/Music/gulp.wav" type="AudioStream" id=4]
[ext_resource path="res://src/CloseButton.tscn" type="PackedScene" id=5]

[sub_resource type="DynamicFontData" id=1]
font_path = "res://Assets/Fonts/JetBrainsMono-Bold.ttf"

[sub_resource type="DynamicFont" id=2]
size = 36
outline_size = 1
outline_color = Color( 0, 0.258824, 1, 1 )
use_filter = true
font_data = SubResource( 1 )

[sub_resource type="DynamicFont" id=3]
size = 26
outline_size = 1
outline_color = Color( 0, 0.258824, 1, 1 )
use_filter = true
font_data = SubResource( 1 )

[sub_resource type="CapsuleShape2D" id=4]
radius = 66.9982
height = 70.371

[sub_resource type="Animation" id=5]
length = 0.2
tracks/0/type = "value"
tracks/0/path = NodePath("animal-hamster-001:frame")
tracks/0/interp = 1
tracks/0/loop_wrap = true
tracks/0/imported = false
tracks/0/enabled = true
tracks/0/keys = {
"times": PoolRealArray( 0, 0.1, 0.2 ),
"transitions": PoolRealArray( 1, 1, 1 ),
"update": 1,
"values": [ 0, 1, 0 ]
}

[node name="DrinkingGame" type="CanvasLayer"]
script = ExtResource( 2 )

[node name="CloseButton" parent="." instance=ExtResource( 5 )]

[node name="Control" type="Control" parent="."]
anchor_left = 0.5
anchor_right = 0.5
margin_left = -204.0
margin_top = 16.379
margin_right = 204.0
margin_bottom = 114.379
__meta__ = {
"_edit_group_": true,
"_edit_use_anchors_": false
}

[node name="Label" type="Label" parent="Control"]
anchor_left = 0.5
anchor_right = 0.5
margin_left = -204.0
margin_right = 192.0
margin_bottom = 45.0
custom_fonts/font = SubResource( 2 )
text = "Catch the Droplets"
align = 1
valign = 1
__meta__ = {
"_edit_use_anchors_": false
}

[node name="Label2" type="Label" parent="Control"]
anchor_left = 0.5
anchor_right = 0.5
margin_left = -204.0
margin_top = 50.0
margin_right = 192.0
margin_bottom = 95.0
custom_fonts/font = SubResource( 3 )
text = "Control With Mouse"
align = 1
valign = 1
__meta__ = {
"_edit_use_anchors_": false
}

[node name="HamboiDrinking" type="Area2D" parent="."]
position = Vector2( 507.261, 601.067 )
collision_layer = 2
collision_mask = 2
script = ExtResource( 3 )
__meta__ = {
"_edit_lock_": true
}

[node name="animal-hamster-001" type="Sprite" parent="HamboiDrinking"]
position = Vector2( 0, -33 )
texture = ExtResource( 1 )
hframes = 2

[node name="CollisionShape2D" type="CollisionShape2D" parent="HamboiDrinking"]
position = Vector2( 6.10352e-05, -68.9221 )
shape = SubResource( 4 )

[node name="AnimationPlayer" type="AnimationPlayer" parent="HamboiDrinking"]
anims/Gulp = SubResource( 5 )

[node name="AudioStreamPlayer" type="AudioStreamPlayer" parent="HamboiDrinking"]
stream = ExtResource( 4 )
volume_db = -20.0
[connection signal="body_entered" from="HamboiDrinking" to="HamboiDrinking" method="_on_HamboiDrinking_body_entered"]
