[gd_scene load_steps=69 format=2]

[ext_resource path="res://Assets/background.png" type="Texture" id=1]
[ext_resource path="res://Assets/hamster-all.png" type="Texture" id=2]
[ext_resource path="res://src/MainScreenPlayer.gd" type="Script" id=3]
[ext_resource path="res://src/Game.gd" type="Script" id=4]
[ext_resource path="res://src/WheelArea.gd" type="Script" id=5]
[ext_resource path="res://src/Stairs.tscn" type="PackedScene" id=6]
[ext_resource path="res://src/DrinkArea.gd" type="Script" id=7]
[ext_resource path="res://src/EatArea.gd" type="Script" id=8]
[ext_resource path="res://Assets/feed.png" type="Texture" id=9]
[ext_resource path="res://Assets/white.png" type="Texture" id=10]
[ext_resource path="res://Assets/floor-bg.png" type="Texture" id=11]
[ext_resource path="res://Assets/floor-fg.png" type="Texture" id=12]
[ext_resource path="res://Assets/lightmask.png" type="Texture" id=13]
[ext_resource path="res://Assets/hamster-wheel.png" type="Texture" id=14]
[ext_resource path="res://Assets/bottle.png" type="Texture" id=15]
[ext_resource path="res://Assets/electricity.png" type="Texture" id=16]
[ext_resource path="res://Assets/lightbulb.png" type="Texture" id=17]
[ext_resource path="res://src/GeneratorArea.gd" type="Script" id=18]
[ext_resource path="res://Assets/puff.png" type="Texture" id=19]
[ext_resource path="res://src/TextUI.gd" type="Script" id=20]
[ext_resource path="res://src/ElectricityBar.tscn" type="PackedScene" id=21]
[ext_resource path="res://Assets/sad-hamsy.png" type="Texture" id=22]
[ext_resource path="res://src/HungerBar.tscn" type="PackedScene" id=23]
[ext_resource path="res://src/ThirstBar.tscn" type="PackedScene" id=24]
[ext_resource path="res://Assets/Fonts/JetBrainsMono-Bold.ttf" type="DynamicFontData" id=25]
[ext_resource path="res://src/SadButton.gd" type="Script" id=26]
[ext_resource path="res://src/OutlineEnabled.shader" type="Shader" id=27]
[ext_resource path="res://Assets/Music/enter_area_success.wav" type="AudioStream" id=28]
[ext_resource path="res://Assets/hamster-wheel-stand.png" type="Texture" id=29]
[ext_resource path="res://Assets/circuit-box.png" type="Texture" id=30]
[ext_resource path="res://Assets/Music/generator_broken_static_noise.wav" type="AudioStream" id=31]
[ext_resource path="res://Assets/icons8-e-key-96.png" type="Texture" id=32]
[ext_resource path="res://src/FaderLayer.tscn" type="PackedScene" id=33]

[sub_resource type="RectangleShape2D" id=1]
extents = Vector2( 248.849, 259.904 )

[sub_resource type="ShaderMaterial" id=2]
resource_local_to_scene = true
shader = ExtResource( 27 )
shader_param/width = 3.0
shader_param/outline_color = Color( 1, 1, 1, 1 )
shader_param/enabled = false

[sub_resource type="Shader" id=34]
code = "shader_type canvas_item;

void fragment(){
	COLOR = texture(TEXTURE, UV);
}"

[sub_resource type="ShaderMaterial" id=35]
shader = SubResource( 34 )

[sub_resource type="Gradient" id=3]
colors = PoolColorArray( 0.686035, 0.686035, 0.686035, 1, 0, 0, 0, 1 )

[sub_resource type="ShaderMaterial" id=4]
shader = ExtResource( 27 )
shader_param/width = 5.0
shader_param/outline_color = Color( 1, 1, 1, 1 )
shader_param/enabled = false

[sub_resource type="ShaderMaterial" id=5]
shader = ExtResource( 27 )
shader_param/width = 3.0
shader_param/outline_color = Color( 1, 1, 1, 1 )
shader_param/enabled = false

[sub_resource type="ShaderMaterial" id=6]
shader = ExtResource( 27 )
shader_param/width = 5.0
shader_param/outline_color = Color( 1, 1, 1, 1 )
shader_param/enabled = false

[sub_resource type="ShaderMaterial" id=7]
shader = ExtResource( 27 )
shader_param/width = 5.0
shader_param/outline_color = Color( 1, 1, 1, 1 )
shader_param/enabled = false

[sub_resource type="RectangleShape2D" id=8]
extents = Vector2( 1800, 300 )

[sub_resource type="ShaderMaterial" id=9]
shader = ExtResource( 27 )
shader_param/width = 3.0
shader_param/outline_color = Color( 1, 1, 1, 1 )
shader_param/enabled = true

[sub_resource type="RectangleShape2D" id=10]
extents = Vector2( 44.5269, 38.4525 )

[sub_resource type="Animation" id=11]
tracks/0/type = "value"
tracks/0/path = NodePath("animal-hamster-001:frame")
tracks/0/interp = 1
tracks/0/loop_wrap = true
tracks/0/imported = false
tracks/0/enabled = true
tracks/0/keys = {
"times": PoolRealArray( 0, 0.3, 0.4 ),
"transitions": PoolRealArray( 1, 1, 1 ),
"update": 1,
"values": [ 3, 4, 5 ]
}

[sub_resource type="Animation" id=12]
length = 0.4
tracks/0/type = "value"
tracks/0/path = NodePath("animal-hamster-001:frame")
tracks/0/interp = 1
tracks/0/loop_wrap = true
tracks/0/imported = false
tracks/0/enabled = true
tracks/0/keys = {
"times": PoolRealArray( 0, 0.1, 0.2, 0.3, 0.4 ),
"transitions": PoolRealArray( 1, 1, 1, 1, 1 ),
"update": 1,
"values": [ 14, 15, 16, 17, 17 ]
}

[sub_resource type="Animation" id=13]
tracks/0/type = "value"
tracks/0/path = NodePath("animal-hamster-001:frame")
tracks/0/interp = 1
tracks/0/loop_wrap = true
tracks/0/imported = false
tracks/0/enabled = true
tracks/0/keys = {
"times": PoolRealArray( 0, 0.1, 0.2, 0.3 ),
"transitions": PoolRealArray( 1, 1, 1, 1 ),
"update": 1,
"values": [ 0, 1, 2, 3 ]
}

[sub_resource type="Animation" id=14]
length = 0.5
loop = true
tracks/0/type = "value"
tracks/0/path = NodePath("animal-hamster-001:frame")
tracks/0/interp = 1
tracks/0/loop_wrap = true
tracks/0/imported = false
tracks/0/enabled = true
tracks/0/keys = {
"times": PoolRealArray( 0, 0.1, 0.2, 0.3, 0.4, 0.5 ),
"transitions": PoolRealArray( 1, 1, 1, 1, 1, 1 ),
"update": 1,
"values": [ 7, 8, 9, 10, 11, 12 ]
}

[sub_resource type="Shader" id=15]
code = "shader_type canvas_item;

uniform float amount: hint_range(0.0, 5.0);

void fragment() {
	COLOR.rgb = textureLod(SCREEN_TEXTURE, SCREEN_UV, amount).rgb;
}"

[sub_resource type="ShaderMaterial" id=16]
shader = SubResource( 15 )
shader_param/amount = 0.0

[sub_resource type="Shader" id=17]
code = "shader_type canvas_item;

uniform float amount: hint_range(0.0, 5.0);

void fragment() {
	COLOR.rgb = textureLod(SCREEN_TEXTURE, SCREEN_UV, amount).rgb;
}"

[sub_resource type="ShaderMaterial" id=18]
shader = SubResource( 17 )
shader_param/amount = 0.0

[sub_resource type="DynamicFontData" id=19]
font_path = "res://Assets/Fonts/JetBrainsMono-Bold.ttf"

[sub_resource type="DynamicFont" id=20]
size = 19
outline_size = 1
outline_color = Color( 0, 0, 0, 1 )
use_filter = true
font_data = SubResource( 19 )

[sub_resource type="DynamicFontData" id=21]
font_path = "res://Assets/Fonts/JetBrainsMono-Bold.ttf"

[sub_resource type="DynamicFont" id=22]
size = 18
outline_size = 1
outline_color = Color( 0.811765, 0.0745098, 0.0745098, 1 )
use_filter = true
font_data = SubResource( 21 )

[sub_resource type="StyleBoxEmpty" id=23]

[sub_resource type="DynamicFontData" id=24]
font_path = "res://Assets/Fonts/JetBrainsMono-Bold.ttf"

[sub_resource type="DynamicFont" id=25]
size = 25
outline_size = 3
outline_color = Color( 0, 0, 0, 1 )
use_filter = true
font_data = SubResource( 24 )

[sub_resource type="DynamicFont" id=26]
resource_local_to_scene = true
size = 52
outline_size = 1
outline_color = Color( 0, 0, 0, 1 )
use_filter = true
font_data = ExtResource( 25 )

[sub_resource type="DynamicFontData" id=27]
font_path = "res://Assets/Fonts/JetBrainsMono-Bold.ttf"

[sub_resource type="DynamicFont" id=28]
size = 32
outline_size = 1
outline_color = Color( 0, 0, 0, 1 )
font_data = SubResource( 27 )

[sub_resource type="Animation" id=29]
length = 0.2
step = 0.05
tracks/0/type = "value"
tracks/0/path = NodePath(".:rect_scale")
tracks/0/interp = 1
tracks/0/loop_wrap = true
tracks/0/imported = false
tracks/0/enabled = true
tracks/0/keys = {
"times": PoolRealArray( 0, 0.05, 0.1, 0.15, 0.2 ),
"transitions": PoolRealArray( 1, 1, 1, 1, 1 ),
"update": 0,
"values": [ Vector2( 1, 1 ), Vector2( 1.2, 0.8 ), Vector2( 0.8, 0.8 ), Vector2( 1.2, 0.8 ), Vector2( 1, 1 ) ]
}

[sub_resource type="Animation" id=30]
resource_name = "Idle"
length = 0.4
loop = true
tracks/0/type = "value"
tracks/0/path = NodePath(".:rect_rotation")
tracks/0/interp = 1
tracks/0/loop_wrap = true
tracks/0/imported = false
tracks/0/enabled = true
tracks/0/keys = {
"times": PoolRealArray( 0, 0.1, 0.2, 0.3, 0.4 ),
"transitions": PoolRealArray( 1, 1, 1, 1, 1 ),
"update": 0,
"values": [ 0.0, -5.0, 0.0, 5.0, 0.0 ]
}

[sub_resource type="Animation" id=31]
length = 0.3
tracks/0/type = "value"
tracks/0/path = NodePath("CanvasModulate:color")
tracks/0/interp = 1
tracks/0/loop_wrap = true
tracks/0/imported = false
tracks/0/enabled = true
tracks/0/keys = {
"times": PoolRealArray( 0, 0.3 ),
"transitions": PoolRealArray( 1, 1 ),
"update": 0,
"values": [ Color( 0.25098, 0.25098, 0.25098, 1 ), Color( 0.0745098, 0.0745098, 0.0745098, 1 ) ]
}
tracks/1/type = "value"
tracks/1/path = NodePath("BlurLayer/TextureRect:material")
tracks/1/interp = 1
tracks/1/loop_wrap = true
tracks/1/imported = false
tracks/1/enabled = false
tracks/1/keys = {
"times": PoolRealArray(  ),
"transitions": PoolRealArray(  ),
"update": 1,
"values": [  ]
}
tracks/2/type = "value"
tracks/2/path = NodePath("BlurLayer/TextureRect:material:shader_param/amount")
tracks/2/interp = 1
tracks/2/loop_wrap = true
tracks/2/imported = false
tracks/2/enabled = true
tracks/2/keys = {
"times": PoolRealArray( 0, 0.3 ),
"transitions": PoolRealArray( 1, 1 ),
"update": 0,
"values": [ 0.0, 2.44 ]
}

[sub_resource type="Animation" id=32]
length = 0.5
tracks/0/type = "value"
tracks/0/path = NodePath("BlurLayer/TextureRect:material:shader_param/amount")
tracks/0/interp = 1
tracks/0/loop_wrap = true
tracks/0/imported = false
tracks/0/enabled = true
tracks/0/keys = {
"times": PoolRealArray( 0, 0.3 ),
"transitions": PoolRealArray( 1, 1 ),
"update": 0,
"values": [ 0.0, 3.0 ]
}
tracks/1/type = "value"
tracks/1/path = NodePath("CanvasModulate:color")
tracks/1/interp = 1
tracks/1/loop_wrap = true
tracks/1/imported = false
tracks/1/enabled = true
tracks/1/keys = {
"times": PoolRealArray( 0, 0.3 ),
"transitions": PoolRealArray( 1, 1 ),
"update": 0,
"values": [ Color( 0.25098, 0.25098, 0.25098, 1 ), Color( 0.580392, 0.796078, 0.92549, 1 ) ]
}
tracks/2/type = "value"
tracks/2/path = NodePath("UILayer/ResourceContainer:visible")
tracks/2/interp = 1
tracks/2/loop_wrap = true
tracks/2/imported = false
tracks/2/enabled = true
tracks/2/keys = {
"times": PoolRealArray( 0 ),
"transitions": PoolRealArray( 1 ),
"update": 1,
"values": [ false ]
}
tracks/3/type = "value"
tracks/3/path = NodePath("UILayer/GameOver/Label:rect_scale")
tracks/3/interp = 1
tracks/3/loop_wrap = true
tracks/3/imported = false
tracks/3/enabled = true
tracks/3/keys = {
"times": PoolRealArray( 0.2, 0.4 ),
"transitions": PoolRealArray( 1, 1 ),
"update": 0,
"values": [ Vector2( 0, 0 ), Vector2( 1, 1 ) ]
}
tracks/4/type = "value"
tracks/4/path = NodePath("UILayer/GameOver:visible")
tracks/4/interp = 1
tracks/4/loop_wrap = true
tracks/4/imported = false
tracks/4/enabled = true
tracks/4/keys = {
"times": PoolRealArray( 0 ),
"transitions": PoolRealArray( 1 ),
"update": 1,
"values": [ true ]
}
tracks/5/type = "value"
tracks/5/path = NodePath("UILayer/GameOver/Label:visible")
tracks/5/interp = 1
tracks/5/loop_wrap = true
tracks/5/imported = false
tracks/5/enabled = true
tracks/5/keys = {
"times": PoolRealArray( 0, 0.2 ),
"transitions": PoolRealArray( 1, 1 ),
"update": 1,
"values": [ false, true ]
}
tracks/6/type = "value"
tracks/6/path = NodePath("UILayer/GameOver/Label2:visible")
tracks/6/interp = 1
tracks/6/loop_wrap = true
tracks/6/imported = false
tracks/6/enabled = true
tracks/6/keys = {
"times": PoolRealArray( 0, 0.2 ),
"transitions": PoolRealArray( 1, 1 ),
"update": 1,
"values": [ false, true ]
}
tracks/7/type = "value"
tracks/7/path = NodePath("UILayer/GameOver/Label2:rect_position")
tracks/7/interp = 1
tracks/7/loop_wrap = true
tracks/7/imported = false
tracks/7/enabled = true
tracks/7/keys = {
"times": PoolRealArray( 0, 0.4 ),
"transitions": PoolRealArray( 0.683021, 3.36359 ),
"update": 0,
"values": [ Vector2( 260, 735 ), Vector2( 260.674, 250 ) ]
}
tracks/8/type = "value"
tracks/8/path = NodePath("UILayer/GameOver/TextureRect:visible")
tracks/8/interp = 1
tracks/8/loop_wrap = true
tracks/8/imported = false
tracks/8/enabled = true
tracks/8/keys = {
"times": PoolRealArray( 0, 0.2 ),
"transitions": PoolRealArray( 1, 1 ),
"update": 1,
"values": [ false, true ]
}
tracks/9/type = "value"
tracks/9/path = NodePath("UILayer/TextUI:visible")
tracks/9/interp = 1
tracks/9/loop_wrap = true
tracks/9/imported = false
tracks/9/enabled = true
tracks/9/keys = {
"times": PoolRealArray( 0 ),
"transitions": PoolRealArray( 1 ),
"update": 1,
"values": [ false ]
}
tracks/10/type = "value"
tracks/10/path = NodePath("UILayer/TimeContainer:visible")
tracks/10/interp = 1
tracks/10/loop_wrap = true
tracks/10/imported = false
tracks/10/enabled = true
tracks/10/keys = {
"times": PoolRealArray( 0 ),
"transitions": PoolRealArray( 1 ),
"update": 1,
"values": [ false ]
}
tracks/11/type = "value"
tracks/11/path = NodePath("UILayer/GameOver/Text:rect_position")
tracks/11/interp = 1
tracks/11/loop_wrap = true
tracks/11/imported = false
tracks/11/enabled = true
tracks/11/keys = {
"times": PoolRealArray( 0, 0.4 ),
"transitions": PoolRealArray( 1, 1 ),
"update": 0,
"values": [ Vector2( -200, 324.726 ), Vector2( 316.016, 324.726 ) ]
}
tracks/12/type = "value"
tracks/12/path = NodePath("UILayer/GameOver/SurvivalTime:modulate")
tracks/12/interp = 1
tracks/12/loop_wrap = true
tracks/12/imported = false
tracks/12/enabled = true
tracks/12/keys = {
"times": PoolRealArray( 0, 0.4, 0.5 ),
"transitions": PoolRealArray( 1, 1, 1 ),
"update": 0,
"values": [ Color( 1, 1, 1, 0 ), Color( 0.941176, 0.941176, 0.941176, 0 ), Color( 1, 1, 1, 1 ) ]
}
tracks/13/type = "value"
tracks/13/path = NodePath("UILayer/GameOver/Text:visible")
tracks/13/interp = 1
tracks/13/loop_wrap = true
tracks/13/imported = false
tracks/13/enabled = true
tracks/13/keys = {
"times": PoolRealArray( 0.2 ),
"transitions": PoolRealArray( 1 ),
"update": 1,
"values": [ true ]
}
tracks/14/type = "value"
tracks/14/path = NodePath("UILayer/GameOver/SurvivalTime:visible")
tracks/14/interp = 1
tracks/14/loop_wrap = true
tracks/14/imported = false
tracks/14/enabled = true
tracks/14/keys = {
"times": PoolRealArray( 0.2 ),
"transitions": PoolRealArray( 1 ),
"update": 1,
"values": [ true ]
}

[sub_resource type="Animation" id=33]
length = 0.1
tracks/0/type = "value"
tracks/0/path = NodePath("UILayer/GameOver:visible")
tracks/0/interp = 1
tracks/0/loop_wrap = true
tracks/0/imported = false
tracks/0/enabled = true
tracks/0/keys = {
"times": PoolRealArray( 0 ),
"transitions": PoolRealArray( 1 ),
"update": 1,
"values": [ false ]
}
tracks/1/type = "value"
tracks/1/path = NodePath("UILayer/ResourceContainer:visible")
tracks/1/interp = 1
tracks/1/loop_wrap = true
tracks/1/imported = false
tracks/1/enabled = true
tracks/1/keys = {
"times": PoolRealArray( 0 ),
"transitions": PoolRealArray( 1 ),
"update": 1,
"values": [ true ]
}
tracks/2/type = "value"
tracks/2/path = NodePath("UILayer/TimeContainer:visible")
tracks/2/interp = 1
tracks/2/loop_wrap = true
tracks/2/imported = false
tracks/2/enabled = true
tracks/2/keys = {
"times": PoolRealArray( 0 ),
"transitions": PoolRealArray( 1 ),
"update": 1,
"values": [ true ]
}
tracks/3/type = "value"
tracks/3/path = NodePath("CanvasModulate:color")
tracks/3/interp = 1
tracks/3/loop_wrap = true
tracks/3/imported = false
tracks/3/enabled = true
tracks/3/keys = {
"times": PoolRealArray( 0 ),
"transitions": PoolRealArray( 1 ),
"update": 0,
"values": [ Color( 0.25098, 0.25098, 0.25098, 1 ) ]
}
tracks/4/type = "value"
tracks/4/path = NodePath("BlurLayer/TextureRect:material:shader_param/amount")
tracks/4/interp = 1
tracks/4/loop_wrap = true
tracks/4/imported = false
tracks/4/enabled = true
tracks/4/keys = {
"times": PoolRealArray( 0 ),
"transitions": PoolRealArray( 1 ),
"update": 0,
"values": [ 0.0 ]
}

[node name="Game" type="Node2D"]
script = ExtResource( 4 )

[node name="Background" type="Sprite" parent="."]
position = Vector2( 514.678, 309.74 )
scale = Vector2( 0.802153, 0.856509 )
texture = ExtResource( 1 )
__meta__ = {
"_edit_lock_": true
}

[node name="floor-bg" type="Sprite" parent="."]
position = Vector2( 514.408, 477.653 )
scale = Vector2( 0.802153, 0.856509 )
texture = ExtResource( 11 )

[node name="EatArea" type="Area2D" parent="."]
position = Vector2( 109.499, 378.325 )
scale = Vector2( 0.294247, 0.299388 )
script = ExtResource( 8 )
scene_to_load = "res://src/EatingGame.tscn"

[node name="CollisionShape2D" type="CollisionShape2D" parent="EatArea"]
position = Vector2( 44.8236, 118.532 )
shape = SubResource( 1 )

[node name="Sprite" type="Sprite" parent="EatArea"]
material = SubResource( 2 )
position = Vector2( 54.9823, 202.992 )
scale = Vector2( 3.5, 4 )
texture = ExtResource( 9 )

[node name="AudioStreamPlayer" type="AudioStreamPlayer" parent="EatArea"]
stream = ExtResource( 28 )
volume_db = -10.0
pitch_scale = 0.7

[node name="Keys" type="Sprite" parent="EatArea"]
light_mask = 2
material = SubResource( 35 )
position = Vector2( 208.677, -4.45862 )
scale = Vector2( 1.5, 1.5 )
z_index = 300
texture = ExtResource( 32 )

[node name="GeneratorArea" type="Area2D" parent="."]
position = Vector2( 108.19, 158.21 )
scale = Vector2( 0.294247, 0.299388 )
script = ExtResource( 18 )

[node name="CollisionShape2D" type="CollisionShape2D" parent="GeneratorArea"]
position = Vector2( -32.0916, 115.502 )
shape = SubResource( 1 )

[node name="CPUParticles2D" type="CPUParticles2D" parent="GeneratorArea"]
position = Vector2( -15.7177, -220.459 )
emitting = false
amount = 30
lifetime = 2.0
explosiveness = 0.18
texture = ExtResource( 19 )
emission_shape = 1
emission_sphere_radius = 40.38
spread = 90.97
gravity = Vector2( 0, -98 )
scale_amount_random = 0.35
color_ramp = SubResource( 3 )
hue_variation = -0.83

[node name="Sprite" type="Sprite" parent="GeneratorArea"]
material = SubResource( 4 )
position = Vector2( -104.871, -1.8656 )
scale = Vector2( 3, 3 )
texture = ExtResource( 30 )

[node name="Wires" type="Sprite" parent="GeneratorArea"]
material = SubResource( 5 )
position = Vector2( 622.142, -50.5154 )
scale = Vector2( 3, 3 )
texture = ExtResource( 16 )
__meta__ = {
"_edit_lock_": true
}

[node name="Keys" type="Sprite" parent="GeneratorArea"]
light_mask = 2
material = SubResource( 35 )
position = Vector2( 200.045, 171.332 )
scale = Vector2( 1.5, 1.5 )
z_index = 300
texture = ExtResource( 32 )

[node name="AudioStreamPlayer" type="AudioStreamPlayer" parent="GeneratorArea"]
volume_db = -10.0
pitch_scale = 0.7

[node name="AudioStreamPlayer2" type="AudioStreamPlayer" parent="GeneratorArea"]
stream = ExtResource( 31 )
volume_db = -30.0
pitch_scale = 1.35

[node name="PlayArea" type="Area2D" parent="."]
position = Vector2( 540.276, 329.262 )
scale = Vector2( 0.294247, 0.299388 )
script = ExtResource( 5 )

[node name="CollisionShape2D" type="CollisionShape2D" parent="PlayArea"]
position = Vector2( 30.7831, 233.028 )
shape = SubResource( 1 )

[node name="Stand" type="Sprite" parent="PlayArea"]
position = Vector2( 50.097, 69.7374 )
scale = Vector2( 2.5, 2.5 )
texture = ExtResource( 29 )

[node name="Sprite" type="Sprite" parent="PlayArea"]
material = SubResource( 6 )
position = Vector2( 52.5397, -273.895 )
scale = Vector2( 2.5, 2.5 )
texture = ExtResource( 14 )
__meta__ = {
"_edit_lock_": true
}

[node name="AudioStreamPlayer" type="AudioStreamPlayer" parent="PlayArea"]
volume_db = -10.0
pitch_scale = 0.7

[node name="Keys" type="Sprite" parent="PlayArea"]
light_mask = 2
material = SubResource( 35 )
position = Vector2( 51.3241, 64.6299 )
scale = Vector2( 1.5, 1.5 )
z_index = 300
texture = ExtResource( 32 )

[node name="DrinkArea" type="Area2D" parent="."]
position = Vector2( 894.601, 398.831 )
scale = Vector2( 0.294247, 0.299388 )
script = ExtResource( 7 )
scene_to_load = "res://src/DrinkingGame.tscn"

[node name="CollisionShape2D" type="CollisionShape2D" parent="DrinkArea"]
position = Vector2( -33.3049, -26.7816 )
shape = SubResource( 1 )

[node name="AudioStreamPlayer" type="AudioStreamPlayer" parent="DrinkArea"]
stream = ExtResource( 28 )
volume_db = -10.0
pitch_scale = 0.7

[node name="Sprite" type="Sprite" parent="DrinkArea"]
material = SubResource( 7 )
position = Vector2( 1.06714, -563.957 )
scale = Vector2( 3.39851, 3.34015 )
texture = ExtResource( 15 )

[node name="Keys" type="Sprite" parent="DrinkArea"]
light_mask = 2
material = SubResource( 35 )
position = Vector2( 267.329, -104.166 )
scale = Vector2( 1.5, 1.5 )
z_index = 300
texture = ExtResource( 32 )

[node name="Floor" type="StaticBody2D" parent="."]
position = Vector2( 544.946, 401.947 )
scale = Vector2( 0.294247, 0.299388 )
__meta__ = {
"_edit_lock_": true
}

[node name="CollisionShape2D" type="CollisionShape2D" parent="Floor"]
position = Vector2( -124.173, 618.624 )
shape = SubResource( 8 )

[node name="Floor2" type="StaticBody2D" parent="."]
position = Vector2( 1246.35, 460.379 )
rotation = 1.5708
scale = Vector2( 0.294247, 0.299388 )
__meta__ = {
"_edit_group_": true
}

[node name="CollisionShape2D" type="CollisionShape2D" parent="Floor2"]
position = Vector2( -124.173, 618.624 )
shape = SubResource( 8 )

[node name="Floor3" type="StaticBody2D" parent="."]
position = Vector2( 118.352, 464.161 )
rotation = 1.5708
scale = Vector2( 0.294247, 0.299388 )
__meta__ = {
"_edit_group_": true
}

[node name="CollisionShape2D" type="CollisionShape2D" parent="Floor3"]
position = Vector2( -124.173, 618.624 )
shape = SubResource( 8 )

[node name="lightbulb" type="Sprite" parent="."]
position = Vector2( 318.208, 77.0813 )
texture = ExtResource( 17 )

[node name="Light2D2" type="Light2D" parent="lightbulb"]
position = Vector2( -2.8844, 29.1526 )
scale = Vector2( 1.30722, 1.2528 )
texture = ExtResource( 13 )
color = Color( 0.905882, 0.909804, 0.478431, 1 )
energy = 0.71

[node name="Stairs" parent="." instance=ExtResource( 6 )]
position = Vector2( 120, 380 )

[node name="HamBoi" type="KinematicBody2D" parent="."]
position = Vector2( 634.32, 400.124 )
scale = Vector2( 0.75, 0.75 )
script = ExtResource( 3 )
__meta__ = {
"_edit_group_": true
}

[node name="animal-hamster-001" type="Sprite" parent="HamBoi"]
material = SubResource( 9 )
texture = ExtResource( 2 )
vframes = 3
hframes = 7
frame = 5

[node name="CollisionShape2D" type="CollisionShape2D" parent="HamBoi"]
position = Vector2( -0.953735, 45.9276 )
shape = SubResource( 10 )

[node name="AnimationPlayer" type="AnimationPlayer" parent="HamBoi"]
anims/Fall = SubResource( 11 )
anims/Idle = SubResource( 12 )
anims/Jump = SubResource( 13 )
anims/Walk = SubResource( 14 )

[node name="floor-fg" type="Sprite" parent="."]
position = Vector2( 514.772, 514 )
scale = Vector2( 0.802971, 1 )
texture = ExtResource( 12 )

[node name="CanvasModulate" type="CanvasModulate" parent="."]
material = SubResource( 16 )
use_parent_material = true
color = Color( 0.25098, 0.25098, 0.25098, 1 )

[node name="GlobalLight" type="Light2D" parent="."]
position = Vector2( 487.02, 223.661 )
scale = Vector2( 1.30722, 1.2528 )
texture = ExtResource( 13 )
texture_scale = 5.37
color = Color( 0.713726, 0.713726, 0.701961, 1 )
__meta__ = {
"_edit_lock_": true
}

[node name="GlobalLight2" type="Light2D" parent="."]
light_mask = -2147483647
position = Vector2( 487.02, 223.661 )
scale = Vector2( 1.30722, 1.2528 )
texture = ExtResource( 13 )
texture_scale = 5.64
range_item_cull_mask = 2
__meta__ = {
"_edit_lock_": true
}

[node name="BlurLayer" type="CanvasLayer" parent="."]

[node name="TextureRect" type="TextureRect" parent="BlurLayer"]
material = SubResource( 18 )
anchor_right = 1.0
anchor_bottom = 1.0
mouse_filter = 2
texture = ExtResource( 10 )
expand = true
__meta__ = {
"_edit_lock_": true,
"_edit_use_anchors_": false
}

[node name="UILayer" type="CanvasLayer" parent="."]
layer = 2

[node name="TimeContainer" type="VBoxContainer" parent="UILayer"]
margin_left = 456.283
margin_top = 520.854
margin_right = 610.283
margin_bottom = 639.854
__meta__ = {
"_edit_use_anchors_": false
}

[node name="Label" type="Label" parent="UILayer/TimeContainer"]
margin_right = 154.0
margin_bottom = 25.0
custom_fonts/font = SubResource( 20 )
text = "Survival Time:"

[node name="SurvivalTime" type="Label" parent="UILayer/TimeContainer"]
margin_top = 29.0
margin_right = 154.0
margin_bottom = 52.0
custom_fonts/font = SubResource( 22 )
text = "0 Second"
align = 1
valign = 1
__meta__ = {
"_edit_use_anchors_": false
}

[node name="ResourceContainer" type="VBoxContainer" parent="UILayer"]
margin_left = 847.499
margin_top = 25.7511
margin_right = 991.499
margin_bottom = 157.751
custom_constants/separation = 45
__meta__ = {
"_edit_group_": true,
"_edit_use_anchors_": false
}

[node name="ElectricityBar" parent="UILayer/ResourceContainer" instance=ExtResource( 21 )]
margin_left = 0.0
margin_top = 0.0
margin_right = 144.0
margin_bottom = 14.0

[node name="ElectricityBar2" parent="UILayer/ResourceContainer" instance=ExtResource( 23 )]
margin_left = 0.0
margin_top = 59.0
margin_right = 144.0
margin_bottom = 73.0

[node name="ElectricityBar3" parent="UILayer/ResourceContainer" instance=ExtResource( 24 )]
margin_left = 0.0
margin_top = 118.0
margin_right = 144.0
margin_bottom = 132.0

[node name="TextUI" type="Control" parent="UILayer"]
visible = false
anchor_right = 1.0
anchor_bottom = 1.0
mouse_filter = 2
script = ExtResource( 20 )
__meta__ = {
"_edit_use_anchors_": false
}

[node name="Label" type="Label" parent="UILayer/TextUI"]
margin_left = 240.037
margin_top = 33.2049
margin_right = 745.037
margin_bottom = 106.205
custom_styles/normal = SubResource( 23 )
custom_fonts/font = SubResource( 25 )
text = "GENERATOR DOWN, FIX IT FIRST!"
align = 1
valign = 1

[node name="GameOver" type="Control" parent="UILayer"]
visible = false
anchor_right = 1.0
anchor_bottom = 1.0
mouse_filter = 2
__meta__ = {
"_edit_use_anchors_": false
}

[node name="Text" type="Label" parent="UILayer/GameOver"]
visible = false
margin_left = -200.0
margin_top = 324.726
margin_right = 86.0
margin_bottom = 347.726
custom_fonts/font = SubResource( 22 )
text = "You Survived For : "
align = 1
valign = 1
__meta__ = {
"_edit_use_anchors_": false
}

[node name="SurvivalTime" type="Label" parent="UILayer/GameOver"]
visible = false
modulate = Color( 1, 1, 1, 0 )
margin_left = 483.675
margin_top = 324.726
margin_right = 769.675
margin_bottom = 347.726
custom_fonts/font = SubResource( 22 )
text = "3 Seconds"
align = 1
valign = 1
__meta__ = {
"_edit_use_anchors_": false
}

[node name="Label" type="Label" parent="UILayer/GameOver"]
visible = false
anchor_left = 0.5
anchor_top = 0.5
anchor_right = 0.5
anchor_bottom = 0.5
margin_left = -155.0
margin_top = -121.0
margin_right = 155.0
margin_bottom = -55.0
rect_pivot_offset = Vector2( 155, 33 )
custom_fonts/font = SubResource( 26 )
text = "GAME OVER!"
__meta__ = {
"_edit_use_anchors_": false
}

[node name="Label2" type="Label" parent="UILayer/GameOver"]
visible = false
anchor_left = 0.5
anchor_top = 0.5
anchor_right = 0.5
anchor_bottom = 0.5
margin_left = -252.0
margin_top = 435.0
margin_right = 213.0
margin_bottom = 501.0
rect_pivot_offset = Vector2( 155, 33 )
custom_fonts/font = SubResource( 28 )
text = "CAUSE OF DEATH:"
align = 1
valign = 1
__meta__ = {
"_edit_use_anchors_": false
}

[node name="TextureRect" type="TextureRect" parent="UILayer/GameOver"]
visible = false
anchor_left = 0.5
anchor_top = 0.5
anchor_right = 0.5
anchor_bottom = 0.5
margin_left = -83.0
margin_top = 64.5
margin_right = 83.0
margin_bottom = 249.5
rect_pivot_offset = Vector2( 83, 92 )
texture = ExtResource( 22 )
script = ExtResource( 26 )
__meta__ = {
"_edit_use_anchors_": false
}

[node name="AnimationPlayer" type="AnimationPlayer" parent="UILayer/GameOver/TextureRect"]
autoplay = "Idle"
anims/Clicked = SubResource( 29 )
anims/Idle = SubResource( 30 )

[node name="AnimationPlayer" type="AnimationPlayer" parent="."]
anims/ChangeScene = SubResource( 31 )
anims/GameOver = SubResource( 32 )
anims/GameStart = SubResource( 33 )

[node name="DangerPlayer" type="AudioStreamPlayer" parent="."]

[node name="NormalPlayer" type="AudioStreamPlayer" parent="."]

[node name="Tween" type="Tween" parent="."]

[node name="CanvasLayer" parent="." instance=ExtResource( 33 )]
layer = 3
[connection signal="gui_input" from="UILayer/GameOver/TextureRect" to="UILayer/GameOver/TextureRect" method="_on_TextureRect_gui_input"]
